@MISC{fbd,
AUTHOR = "H.C.Verma",
TITLE = "Concepts of {Physics},{P}art1",
YEAR=2006
}

@MISC{pendulum,
AUTHOR = "Herbert Goldstein",
TITLE = "classical mechanics,2nd Ed",
YEAR=1980
}

@BOOK{conservation-amomentum,
AUTHOR = "Halliday,{R}esnick,{W}alker",
TITLE = "fundamentals of physics, 9th Ed.",
PUBLISHER = "John Wiley and Sons",
YEAR=2010
}



